@Book{aho86:_compiler,
  author = 	 {Alfred V. Aho and Ravi Sethi and Jeffrey D. Ullman},
  title = 	 {Compilers - Principles, Techniques, and Tools},
  publisher = 	 {Addison-Wesley},
  year = 	 1986,
  note = 	 {日本語訳: 「コンパイラI・II」（原田賢一訳、サイエンス社）}}

@Book{aho07:_compil_princ_techn_tools_secon_edition,
  author = 	 {Alfred V. Aho and Monica S. Lam and Ravi Sethi and Jeffrey D. Ullman},
  title = 	 {Compilers - Principles, Techniques, \& Tools (Second Edition)},
  publisher = 	 {Addison Wesley},
  year = 	 2007}

@Book{ホップクロフト03:automaton,
  author = 	 {J. ホップクロフト and R. モトワニ and J. ウルマン},
  title = 	 {オートマトン 言語理論 計算論 I [第2版]},
  publisher = 	 {サイエンス社},
  year = 	 2003}

@Book{湯浅01,
  author = 	 {湯浅 太一},
  title = 	 {コンパイラ},
  publisher = 	 {昭晃堂},
  year = 	 2001,
  yomi = 	 {ゆあさ たいいち}
}

@Book{中田99,
  author = 	 {中田 育男},
  title = 	 {コンパイラの構成と最適化},
  publisher = 	 {朝倉書店},
  year = 	 1999,
  yomi = 	 {なかた いくお}
}

@Book{カーニハン89,
  author = 	 {B. W. カーニハン and D. M. リッチー},
  title = 	 {プログラミング言語C 第2版},
  publisher = 	 {共立出版},
  year = 	 1989}

@Book{エイホ77,
  author = 	 {A. V. エイホ and J. E. ホップクロフト and J. D. ウルマン},
  title = 	 {アルゴリズムの設計と解析I},
  publisher = 	 {サイエンス社},
  year = 	 1977}

